<record xmlns='http://www.loc.gov/MARC21/slim'><leader>01223cim a22003492u 4500</leader><controlfield tag='001'>3600924</controlfield><controlfield tag='005'>20151214182737.0</controlfield><controlfield tag='007'>ss|lmnjluz|nuu</controlfield><controlfield tag='008'>991101s1985    nyunnn         l    eng d</controlfield><datafield ind1=' ' ind2=' ' tag='035'><subfield code='a'>(NIC)notisASF7989</subfield></datafield><datafield ind1=' ' ind2=' ' tag='035'><subfield code='a'>3600924</subfield></datafield><datafield ind1=' ' ind2=' ' tag='035'><subfield code='a'>(OCoLC)63896811</subfield></datafield><datafield ind1=' ' ind2=' ' tag='040'><subfield code='a'>NIC</subfield><subfield code='c'>NIC</subfield><subfield code='d'>NIC</subfield></datafield><datafield ind1='1' ind2=' ' tag='100'><subfield code='a'>Powers, Thomas.</subfield></datafield><datafield ind1='1' ind2='0' tag='245'><subfield code='a'>U.S. nuclear war plans</subfield><subfield code='h'>[sound recording]</subfield></datafield><datafield ind1=' ' ind2=' ' tag='260'><subfield code='c'>1985.</subfield></datafield><datafield ind1=' ' ind2=' ' tag='300'><subfield code='a'>1 sound cassette (22 min.) :</subfield><subfield code='b'>analog, mono.</subfield></datafield><datafield ind1=' ' ind2=' ' tag='500'><subfield code='a'>Recorded in Ithaca, NY by Cornell University.</subfield></datafield><datafield ind1=' ' ind2=' ' tag='500'><subfield code='a'>Accompanied by: Notes.</subfield></datafield><datafield ind1=' ' ind2=' ' tag='500'><subfield code='a'>Sponsored by: November 11th Committee.</subfield></datafield><datafield ind1=' ' ind2=' ' tag='518'><subfield code='a'>Lecture, March 26, 1985.</subfield></datafield><datafield ind1=' ' ind2=' ' tag='520'><subfield code='a'>Powers chronicles the events which led to World War I and presents them as a warning against current military policies.</subfield></datafield><datafield ind1=' ' ind2='0' tag='650'><subfield code='a'>Nuclear warfare.</subfield></datafield><datafield ind1=' ' ind2='0' tag='650'><subfield code='a'>World War, 1914-1918.</subfield></datafield><datafield ind1=' ' ind2='0' tag='651'><subfield code='a'>United States</subfield><subfield code='x'>History</subfield><subfield code='y'>1914-1918.</subfield></datafield><datafield ind1='2' ind2='7' tag='611'><subfield code='a'>World War (1914-1918)</subfield><subfield code='2'>fast</subfield><subfield code='0'>(OCoLC)fst01180746</subfield></datafield><datafield ind1=' ' ind2='7' tag='648'><subfield code='a'>1914 - 1918</subfield><subfield code='2'>fast</subfield></datafield><datafield ind1=' ' ind2='7' tag='650'><subfield code='a'>Nuclear warfare</subfield><subfield code='2'>fast</subfield><subfield code='0'>(OCoLC)fst01040920</subfield></datafield><datafield ind1=' ' ind2='7' tag='651'><subfield code='a'>United States</subfield><subfield code='2'>fast</subfield><subfield code='0'>(OCoLC)fst01204155</subfield></datafield><datafield ind1='1' ind2=' ' tag='899'><subfield code='a'>CULectures</subfield></datafield><datafield ind1=' ' ind2=' ' tag='905'><subfield code='a'>20000413120000.0</subfield></datafield><datafield ind1='2' ind2=' ' tag='948'><subfield code='a'>20141221</subfield><subfield code='b'>m</subfield><subfield code='d'>batch</subfield><subfield code='e'>lts</subfield><subfield code='x'>addfast</subfield></datafield></record>